@inproceedings{munk2016learning,
    title={Learning state representation for deep actor-critic control},
    author={Munk, Jelle and Kober, Jens and Babu{\v{s}}ka, Robert},
    booktitle={Decision and Control (CDC), 2016 IEEE 55th Conference on},
    pages={4667--4673},
    year={2016},
    organization={IEEE}
}

@inproceedings{watter2015embed,
    title={Embed to control: A locally linear latent dynamics model for control from raw images},
    author={Watter, Manuel and Springenberg, Jost and Boedecker, Joschka and Riedmiller, Martin},
    booktitle={Advances in neural information processing systems},
    pages={2746--2754},
    year={2015}
}

@article{shelhamer2016loss,
    title={Loss is its own Reward: Self-Supervision for Reinforcement Learning},
    author={Shelhamer, Evan and Mahmoudieh, Parsa and Argus, Max and Darrell, Trevor},
    journal={arXiv preprint arXiv:1612.07307},
    year={2016}
}

@article{venkatraman2017predictive,
    title={Predictive-State Decoders: Encoding the Future into Recurrent Networks},
    author={Shelhamer, Evan and Mahmoudieh, Parsa and Argus, Max and Darrell, Trevor},
    journal={arXiv preprint arXiv:1709.08520},
    year={2017}
}
@inproceedings{rasmus2015semi,
  title={Semi-supervised learning with ladder networks},
  author={Rasmus, Antti and Berglund, Mathias and Honkala, Mikko and Valpola, Harri and Raiko, Tapani},
  booktitle={Advances in Neural Information Processing Systems},
  pages={3546--3554},
  year={2015}
}